@BOOK{NewmanBarkema1999,
    title={Monte Carlo Methods in Statistical Physics},
    author={M. E. J. Newman and G. T. Barkema},
    publisher={Oxford University Press, USA},
    year={1999},
    month={4},
    isbn={9780198517979},
    url={http://amazon.com/o/ASIN/0198517971/},
    totalpages={496},
    timestamp={2013.05.13},
}

@book{hartmann2009practical,
    title={Practical Guide To Computer Simulations},
    author={Hartmann, Alexander K.},
    isbn={9789812834157},
    lccn={2009497267},
    url={http://books.google.de/books?id=vohQ6jpN2aUC},
    year={2009},
    publisher={World Scientific Publishing Company, Incorporated}
}

@book{nolting2005,
    title={Grundkurs Theoretische Physik 6: Statistische Physik},
    author={Nolting, Wolfgang},
    isbn={9783540205050},
    url={http://books.google.de/books?id=Uw2QaRQxLdYC},
    year={2005},
    publisher={Springer}
}

@book{Katzgraber2011,
    title={Introduction to Monte Carlo Methods},
    author={Katzgraber, H.G.},
    isbn={9783814222691},
    url={http://arxiv.org/abs/0905.1629v3},
    year={2012},
    publisher={BIS-Verlag der Carl von Ossietzky Universität Oldenburg}
}

@article{young2012everything,
    title={Everything you wanted to know about Data Analysis and Fitting but were afraid to ask},
    author={Young, P.},
    note={arXiv:1210.3781v2 [physics.data-an]},
    url={http://arxiv.org/abs/1210.3781},
    year={2012},
    publisher={arxiv.org}
}

@article{RNGCell,
    title = {Percolation thresholds on planar Euclidean relative-neighborhood graphs},
    author = {Melchert, Oliver},
    journal = {Phys. Rev. E},
    volume = {87},
    issue = {4},
    pages = {042106},
    numpages = {7},
    year = {2013},
    month = {Apr},
    doi = {10.1103/PhysRevE.87.042106},
    url = {http://link.aps.org/doi/10.1103/PhysRevE.87.042106},
    publisher = {American Physical Society}
}

@article{Toussaint1980,
    author = "G.T.  Toussaint",
    title = "The relative neighbourhood graph of a finite planar set",
    journal = "Pattern Recognition",
    year = 1980,
    volume = 12,
    pages = "261--268",
    doi = {10.1016/0031-3203(80)90066-7}
}

@article{Metropolis1953,
    author = {Nicholas Metropolis and Arianna W. Rosenbluth and Marshall N. Rosenbluth and Augusta H. Teller and Edward Teller},
    collaboration = {},
    title = {Equation of State Calculations by Fast Computing Machines},
    publisher = {AIP},
    year = {1953},
    journal = {The Journal of Chemical Physics},
    volume = {21},
    number = {6},
    pages = {1087-1092},
    url = {http://link.aip.org/link/?JCP/21/1087/1},
    doi = {10.1063/1.1699114}
}

@article{Wolff1989,
    title = {Collective Monte Carlo Updating for Spin Systems},
    author = {Wolff, Ulli},
    journal = {Phys. Rev. Lett.},
    volume = {62},
    issue = {4},
    pages = {361--364},
    year = {1989},
    month = {Jan},
    doi = {10.1103/PhysRevLett.62.361},
    url = {http://link.aps.org/doi/10.1103/PhysRevLett.62.361},
    publisher = {American Physical Society}
}

@article{ParallelTempering1986,
    title = {Replica Monte Carlo Simulation of Spin-Glasses},
    author = {Swendsen, Robert H. and Wang, Jian-Sheng},
    journal = {Phys. Rev. Lett.},
    volume = {57},
    issue = {21},
    pages = {2607--2609},
    year = {1986},
    month = {Nov},
    doi = {10.1103/PhysRevLett.57.2607},
    url = {http://link.aps.org/doi/10.1103/PhysRevLett.57.2607},
    publisher = {American Physical Society}
}

@article{Gabriel1969,
    author = {Gabriel, K. Ruben and Sokal, Robert R.},
    title = {A New Statistical Approach to Geographic Variation Analysis},
    volume = {18},
    number = {3},
    pages = {259-278},
    year = {1969},
    doi = {10.2307/2412323},
    abstract ={The authors discuss the problems of describing geographic variation data and develop statistical methods for categorizing sets of populations sampled from different localities. The general approach of the simultaneous test procedures, available with a variety of statistical tests and for continuous as well as for categorical data, is employed with these techniques. Geographical regions are defined as sets of connected localities, with connectedness being defined geometrically. Maximal acceptable connected sets of localities (defined as regions) or coarsest acceptable connected partitions of the entire set of localities are found by these procedures. These are illustrated with several examples.},
    URL = {http://sysbio.oxfordjournals.org/content/18/3/259.abstract},
    journal = {Systematic Biology}
}

@article{Pelissetto2002,
    title = "Critical phenomena and renormalization-group theory ",
    journal = "Physics Reports ",
    volume = "368",
    number = "6",
    pages = "549 - 727",
    year = "2002",
    note = "",
    issn = "0370-1573",
    doi = "10.1016/S0370-1573(02)00219-3",
    url = "http://www.sciencedirect.com/science/article/pii/S0370157302002193",
    author = "Andrea Pelissetto and Ettore Vicari"
}

@article{Binder1981,
    title = {Critical Properties from Monte Carlo Coarse Graining and Renormalization},
    author = {Kurt Binder},
    journal = {Phys. Rev. Lett.},
    volume = {47},
    issue = {9},
    pages = {693--696},
    year = {1981},
    month = {Aug},
    doi = {10.1103/PhysRevLett.47.693},
    url = {http://link.aps.org/doi/10.1103/PhysRevLett.47.693},
    publisher = {American Physical Society}
}

@misc{autoscale2009,
    AUTHOR  = {Melchert, Oliver},
    TITLE   = {autoScale.py - A program for automatic finite-size scaling analyses: A user's guide},
    YEAR    = {2009},
    note = {arXiv:0910.5403 [physics.comp-ph]},
    url = {http://arxiv.org/abs/0910.5403},
}

@INPROCEEDINGS{Leach1992,
    author = {Geoff Leach},
    title = {Improving Worst-Case Optimal Delaunay Triangulation Algorithms},
    booktitle = {In 4th Canadian Conference on Computational Geometry},
    year = {1992},
    pages = {15}
}

@article{Onsager1944,
    title = {Crystal Statistics. I. A Two-Dimensional Model with an Order-Disorder Transition},
    author = {Onsager, Lars},
    journal = {Phys. Rev.},
    volume = {65},
    issue = {3-4},
    pages = {117--149},
    year = {1944},
    month = {Feb},
    doi = {10.1103/PhysRev.65.117},
    url = {http://link.aps.org/doi/10.1103/PhysRev.65.117},
    publisher = {American Physical Society}
}

@article{Wannier1945,
    title = {The Statistical Problem in Cooperative Phenomena},
    author = {Wannier, G. H.},
    journal = {Rev. Mod. Phys.},
    volume = {17},
    issue = {1},
    pages = {50--60},
    year = {1945},
    month = {Jan},
    doi = {10.1103/RevModPhys.17.50},
    url = {http://link.aps.org/doi/10.1103/RevModPhys.17.50},
    publisher = {American Physical Society}
}

@article{Ising1925,
    title = {Beitrag zur Theorie des Ferromagnetismus},
    author = {Ising, E.},
    journal = {Zeitschrift für Physik},
    volume = {31},
    pages = {253},
    year = {1925},
}

@Misc{scipy2001,
    author =    {Eric Jones and Travis Oliphant and Pearu Peterson and others},
    title =     {{SciPy}: Open source scientific tools for {Python}},
    year =      {2001--},
    url = "http://www.scipy.org/"
}

@Misc{qhull,
    url = "http://www.qhull.org"
}

@book{GSL,
    title = {GNU Scientific Library - Reference Manual, Third Edition, for GSL Version 1.12 (3. ed.)},
    author = {Mark Galassi and Jim Davies and James Theiler and Brian Gough and Gerard Jungman},
    year = {2009},
    doi = {http://www.network-theory.co.uk/gsl/manual/},
    researchr = {http://researchr.org/publication/0026677},
    cites = {0},
    citedby = {0},
    publisher = {Network Theory Ltd},
    isbn = {978-0-9546120-7-8},
    url = "http://www.gnu.org/software/gsl/"
}

@article{Matsumoto1998,
    author = {Matsumoto, Makoto and Nishimura, Takuji},
    title = {Mersenne twister: a 623-dimensionally equidistributed uniform pseudo-random number generator},
    journal = {ACM Trans. Model. Comput. Simul.},
    issue_date = {Jan. 1998},
    volume = {8},
    number = {1},
    month = jan,
    year = {1998},
    issn = {1049-3301},
    pages = {3--30},
    numpages = {28},
    url = {http://doi.acm.org/10.1145/272991.272995},
    doi = {10.1145/272991.272995},
    acmid = {272995},
    publisher = {ACM},
    address = {New York, NY, USA},
    keywords = {k-distribution, m-sequences, GFSR, MT19937, Mersenne primes, Mersenne twister, TGFSR, finite fields, incomplete array, inversive-decimation method, multiple-recursive matrix method, primitive polynomials, random number generation, tempering},
}

@article{Janke1994,
    title = {Single-cluster Monte Carlo study of the Ising model on two-dimensional random lattices},
    author = {Janke, Wolfhard and Katoot, Mohammad and Villanova, Ramon},
    journal = {Phys. Rev. B},
    volume = {49},
    issue = {14},
    pages = {9644--9657},
    year = {1994},
    month = {Apr},
    doi = {10.1103/PhysRevB.49.9644},
    url = {http://link.aps.org/doi/10.1103/PhysRevB.49.9644},
    publisher = {American Physical Society}
}

@article{Lima2000,
    title = "The ferromagnetic Ising model on a Voronoi–Delaunay lattice ",
    journal = "Physica A: Statistical Mechanics and its Applications ",
    volume = "283",
    number = "1–2",
    pages = "100 - 106",
    year = "2000",
    note = "",
    issn = "0378-4371",
    doi = "http://dx.doi.org/10.1016/S0378-4371(00)00134-5",
    url = "http://www.sciencedirect.com/science/article/pii/S0378437100001345",
    author = "F.W.S Lima and J.E Moreira and J.S Andrade Jr. and U.M.S Costa",
    keywords = "Ising model",
    keywords = "Ferromagnetism",
    keywords = "Random lattices",
    keywords = "Phase transition "
}

@article{Lima2008,
title = "Critical behavior of the 3D Ising model on a poissonian random lattice ",
journal = "Physica A: Statistical Mechanics and its Applications ",
volume = "387",
number = "7",
pages = "1545 - 1550",
year = "2008",
note = "",
issn = "0378-4371",
doi = "http://dx.doi.org/10.1016/j.physa.2007.10.073",
url = "http://www.sciencedirect.com/science/article/pii/S0378437107011983",
author = "F.W.S. Lima and U.M.S. Costa and R.N. Costa Filho",
keywords = "Ferromagnetic Ising model",
keywords = "Random lattices",
keywords = "Monte Carlo methods",
keywords = "Critical exponents ",
abstract = "The single-cluster Monte Carlo algorithm and the reweighting technique are used to simulate the 3D ferromagnetic Ising model on 3D Voronoi–Delauney lattices. It is assumed that the coupling factor J varies with the distance r between the first neighbors as J ( r ) ∝ e − a r , with a ≥ 0 . The critical exponents γ / ν , β / ν , and ν are calculated, and according to the present estimates for the critical exponents, we argue that this random system belongs to the same universality class of the pure 3D ferromagnetic Ising model. "
}



@article{Bootstrap,
    jstor_articletype = {research-article},
    title = {Bootstrap Methods: Another Look at the Jackknife},
    author = {Efron, B.},
    journal = {The Annals of Statistics},
    jstor_issuetitle = {},
    volume = {7},
    number = {1},
    jstor_formatteddate = {Jan., 1979},
    pages = {pp. 1-26},
    url = {http://www.jstor.org/stable/2958830},
    ISSN = {00905364},
    abstract = {We discuss the following problem: given a random sample X = (X1, X2, ⋯, Xn) from an unknown probability distribution F, estimate the sampling distribution of some prespecified random variable R(X, F), on the basis of the observed data x. (Standard jackknife theory gives an approximate mean and variance in the case R(X, F) = θ(F̂) - θ(F), θ some parameter of interest.) A general method, called the "bootstrap," is introduced, and shown to work satisfactorily on a variety of estimation problems. The jackknife is shown to be a linear approximation method for the bootstrap. The exposition proceeds by a series of examples: variance of the sample median, error rates in a linear discriminant analysis, ratio estimation, estimating regression parameters, etc.},
    language = {English},
    year = {1979},
    publisher = {Institute of Mathematical Statistics},
    copyright = {Copyright © 1979 Institute of Mathematical Statistics},
}

@article{BinderValue,
    year={2006},
    issn={1434-6028},
    journal={The European Physical Journal B - Condensed Matter and Complex Systems},
    volume={51},
    number={2},
    doi={10.1140/epjb/e2006-00209-7},
    title={Critical Binder cumulant of two-dimensional Ising models},
    url={http://dx.doi.org/10.1140/epjb/e2006-00209-7},
    publisher={EDP Sciences},
    keywords={05.50.+q Lattice theory and statistics (Ising, Potts, etc.); 05.10.Ln Monte Carlo method},
    author={Selke, W.},
    pages={223-228},
    language={English}
}

@mastersthesis{Norrenbrock2011,
    year={2011},
    title={Examining the SLE properties of paths in the negative-weight percolation model},
    author={Christoph Norrenbrock},
    school={Carl von Ossietzky Universität Oldenburg},
}

@phdthesis{DMelchert2009,
    Type = {dissertation},
    year={2009},
    title={Using minimum-weight path techniques to characterize the zero-temperature critical behavior of disordered systems},
    author={Melchert, Oliver},
    school={Carl von Ossietzky Universität Oldenburg},
}

@article{SwendsenWang1987,
    title = {Nonuniversal critical dynamics in Monte Carlo simulations},
    author = {Swendsen, Robert H. and Wang, Jian-Sheng},
    journal = {Phys. Rev. Lett.},
    volume = {58},
    issue = {2},
    pages = {86--88},
    year = {1987},
    month = {Jan},
    doi = {10.1103/PhysRevLett.58.86},
    url = {http://link.aps.org/doi/10.1103/PhysRevLett.58.86},
    publisher = {American Physical Society}
}

@article{PJournalGlass,
    title = {Gespannt geschützt},
    author = {Michael Vogel},
    journal = {Physik Journal},
    volume = {11},
    issue = {10},
    pages = {46--47},
    year = {2012},
    month = {Oct},
    url = {http://www.pro-physik.de/details/physikjournalIssue/2660111/PJ_10_2012.html},
    publisher = {Deutsche Physikalische Gesellschaft}
}

@article{LHC,
    author = {Bird, Ian},
    title = {Computing for the Large Hadron Collider},
    journal = {Annual Review of Nuclear and Particle Science},
    volume = {61},
    number = {1},
    pages = {99-118},
    year = {2011},
    doi = {10.1146/annurev-nucl-102010-130059},
    URL = {http://www.annualreviews.org/doi/abs/10.1146/annurev-nucl-102010-130059},
    eprint = {http://www.annualreviews.org/doi/pdf/10.1146/annurev-nucl-102010-130059}
}

@book{yeomans,
    title={Statistical Mechanics of Phase Transitions},
    author={Yeomans, J.M.},
    isbn={9780191589706},
    url={http://books.google.de/books?id=3IUVSvOUtTMC},
    year={1992},
    publisher={Clarendon Press}
}

@article{Katajainen,
    author = {Jyrki Katajainen and Olli Nevalainen},
    title = {Computing relative neighbourhood graphs in the plane},
    journal = {Pattern Recognition},
    volume = {19},
    number = {3},
    year = {1986},
    pages = {221--228},
}

@book{binder2010,
    title={Monte Carlo Simulation in Statistical Physics},
    author={Kurt Binder and Dieter W. Heermann},
    isbn={978-3-642-03162-5},
    doi={10.1007/978-3-642-03163-2},
    year={2010},
    publisher={Springer}
}

@article{fisher,
    author = {Michael E. Fisher},
    collaboration = {},
    title = {Critical Probabilities for Cluster Size and Percolation Problems},
    publisher = {AIP},
    year = {1961},
    journal = {Journal of Mathematical Physics},
    volume = {2},
    number = {4},
    pages = {620-627},
    url = {http://link.aip.org/link/?JMP/2/620/1},
    doi = {10.1063/1.1703746}
}

@article{notPChristoph,
    author = {Christoph Norrenbrock},
    title = {},
    year = {2013},
    note = {not published yet}
}

@article{DelaunayDegree,
    title = {Percolation thresholds on two-dimensional Voronoi networks and Delaunay triangulations},
    author = {Becker, Adam M. and Ziff, Robert M.},
    journal = {Phys. Rev. E},
    volume = {80},
    issue = {4},
    pages = {041101},
    numpages = {9},
    year = {2009},
    month = {Oct},
    doi = {10.1103/PhysRevE.80.041101},
    url = {http://link.aps.org/doi/10.1103/PhysRevE.80.041101},
    publisher = {American Physical Society}
}

@article{Hartmann2013,
  title = {Diluted antiferromagnets in a field seem to be in a different universality class than the random-field Ising model},
  author = {Ahrens, Bj\"orn and Xiao, Jianping and Hartmann, Alexander K. and Katzgraber, Helmut G.},
  journal = {Phys. Rev. B},
  volume = {88},
  issue = {17},
  pages = {174408},
  numpages = {10},
  year = {2013},
  month = {Nov},
  publisher = {American Physical Society},
  doi = {10.1103/PhysRevB.88.174408},
  url = {http://link.aps.org/doi/10.1103/PhysRevB.88.174408}
}

@article{Delaunay1934,
    author = {Delaunay, Boris N.},
    citeulike-article-id = {1468422},
    journal = {Bulletin of Academy of Sciences of the USSR},
    number = {6},
    pages = {793--800},
    posted-at = {2007-07-20 10:17:44},
    priority = {2},
    title = {{Sur la sph\`{e}re vide}},
    year = {1934}
}

@article{chiCollapse,
    title = {Universality in three-dimensional Ising spin glasses: A Monte Carlo study},
    author = {Katzgraber, Helmut G. and K\"orner, Mathias and Young, A. P.},
    journal = {Phys. Rev. B},
    volume = {73},
    issue = {22},
    pages = {224432},
    numpages = {11},
    year = {2006},
    month = {Jun},
    publisher = {American Physical Society},
    doi = {10.1103/PhysRevB.73.224432},
    url = {http://link.aps.org/doi/10.1103/PhysRevB.73.224432}
}

@inproceedings{Karp2000,
    Author = {Karp, Brad and Kung, Hsiang-Tsung},
    Booktitle = {Proceedings of the 6th annual international conference on Mobile computing and networking},
    Date-Added = {2013-11-08 17:40:45 +0000},
    Date-Modified = {2013-11-08 17:40:55 +0000},
    Organization = {ACM},
    Pages = {243--254},
    Title = {GPSR: greedy perimeter stateless routing for wireless networks},
    Year = {2000}
}

@article{Santi2005,
    Address = {New York, NY, USA},
    Author = {Santi, Paolo},
    Journal = {ACM Comput. Surv.},
    Number = {2},
    Numpages = {31},
    Pages = {164--194},
    Publisher = {ACM},
    Title = {Topology control in wireless ad hoc and sensor networks},
    Volume = {37},
    Year = {2005}
}

@article{Bose2001,
    Address = {Hingham, MA, USA},
    Author = {Bose, Prosenjit and Morin, Pat and Stojmenovi\'{c}, Ivan and Urrutia, Jorge},
    Journal = {Wirel. Netw.},
    Number = {6},
    Numpages = {8},
    Pages = {609--616},
    Publisher = {Kluwer Academic Publishers},
    Title = {Routing with guaranteed delivery in ad hoc wireless networks},
    Volume = {7},
    Year = {2001}
}

@inproceedings{Kuhn2003,
    Address = {New York, NY, USA},
    Author = {Kuhn, Fabian and Wattenhofer, Rogert and Zollinger, Aaron},
    Booktitle = {Proceedings of the 2003 joint workshop on Foundations of mobile computing},
    Numpages = {10},
    Pages = {69--78},
    Publisher = {ACM},
    Series = {DIALM-POMC '03},
    Title = {Ad-hoc networks beyond unit disk graphs},
    Year = {2003}
}

%~ @article{Matula1980,
    %~ Author = {Matula, David W. and Sokal, Robert R.},
    %~ Date-Added = {2012-11-28 17:07:22 +0000},
    %~ Date-Modified = {2012-11-28 17:07:39 +0000},
    %~ Doi = {10.1111/j.1538-4632.1980.tb00031.x},
    %~ Issn = {1538-4632},
    %~ Journal = {Geographical Analysis},
    %~ Number = {3},
    %~ Pages = {205--222},
    %~ Publisher = {Blackwell Publishing Ltd},
    %~ Title = {Properties of Gabriel Graphs Relevant to Geographic Variation Research and the Clustering of Points in the Plane},
    %~ Url = {http://dx.doi.org/10.1111/j.1538-4632.1980.tb00031.x},
    %~ Volume = {12},
    %~ Year = {1980}
%~ }

@article{Selander1975,
    Author = {Selander, Robert K. and Kaufman, Donald W.},
    Date-Added = {2014-04-29 14:37:33 +0000},
    Date-Modified = {2014-04-29 14:41:02 +0000},
    Journal = {Evolution},
    Pages = {385-401},
    Title = {Genetic Structure of Populations of the Brown Snail (Helix Aspersa). I. Microeographic Variation },
    Volume = {29},
    Year = {1975},
}

@article{Sokal1978,
    Author = {Sokal, Robert R. and Oden, Neal L.},
    Journal = {Biological Journal of the Linnean Society},
    Number = {2},
    Pages = {199--228},
    Publisher = {Blackwell Publishing Ltd},
    Title = {Spatial autocorrelation in biology: 1. Methodology},
    Volume = {10},
    Year = {1978}
}

@article{Sokal1980,
    Author = {Sokal, Robert R. and Bird, Jacqueline and Riska, Bruce},
    Journal = {Biological Journal of the Linnean Society},
    Number = {2},
    Pages = {163--200},
    Publisher = {Blackwell Publishing Ltd},
    Title = {Geographic variation in Pemphigus populicaulis (Insecta: Aphididae) in Eastern North America*,†},
    Volume = {14},
    Year = {1980}
}
