@book{newman1999monte,
  title={Monte Carlo Methods in Statistical Physics},
  author={Newman, E.J. and Barkema, G.T.},
  isbn={9780198517979},
  lccn={99213405},
  url={http://books.google.de/books?id=J5aLdDN4uFwC},
  year={1999},
  publisher={Clarendon Press}
}

@book{hartmann2009practical,
  title={Practical Guide To Computer Simulations},
  author={Hartmann, A.K.},
  isbn={9789812834157},
  lccn={2009497267},
  url={http://books.google.de/books?id=vohQ6jpN2aUC},
  year={2009},
  publisher={World Scientific Publishing Company, Incorporated}
}

@book{katzgraber2011introduction,
  title={Introduction to Monte Carlo Methods},
  author={Katzgraber, H.G.},
  isbn={9783814222691},
  url={http://arxiv.org/abs/0905.1629v3},
  year={2012},
  publisher={BIS-Verlag der Carl von Ossietzky Universit√§t Oldenburg}
}

@book{young2012everything,
  title={Everything you wanted to know about Data Analysis and Fitting but were afraid to ask},
  author={Young, P.},
  url={http://arxiv.org/abs/1210.3781},
  year={2012},
  publisher={arxiv.org}
}
